%% LaTeX2e file `"Cryptographie et enjeux de soci√©t√©s".bib'
%% generated by the `filecontents' environment
%% from source `"Cryptographie et enjeux de soci√©t√©s"' on 2015/03/19.
%%
  @book{Ramis-Deschamps-Odoux,
    Author = {Edmond Ramis and Claude Deschamps and Jacques Odoux},
    Origyear = {1974},
    Publisher = {Masson},
    Title = {Cours de mathÈmatiques : 1. algËbre},
  Year = {2001}}
